@article{DBLP:journals/corr/MathieuHL13,
  author    = {Micha{\"{e}}l Mathieu and
               Mikael Henaff and
               Yann LeCun},
  title     = {Fast Training of Convolutional Networks through FFTs},
  journal   = {CoRR},
  volume    = {abs/1312.5851},
  year      = {2013},
  url       = {http://arxiv.org/abs/1312.5851},
  timestamp = {Mon, 06 Jan 2014 15:10:41 +0100},
  biburl    = {http://dblp.uni-trier.de/rec/bib/journals/corr/MathieuHL13},
  bibsource = {dblp computer science bibliography, http://dblp.org}
}

@electronic{convnet-benchmarks,
  author        = "Soumith Chintala",
  title         = "convnet-benchmarks",
  url           = "https://github.com/soumith/convnet-benchmark://github.com/soumith/convnet-benchmarks"
}

@article{DBLP:journals/corr/Al-RfouAAa16,
  author    = {Rami Al{-}Rfou and
               Guillaume Alain and
               Amjad Almahairi and
               et al.},
  title     = {Theano: {A} Python framework for fast computation of mathematical expressions},
  journal   = {CoRR},
  volume    = {abs/1605.02688},
  year      = {2016},
  url       = {http://arxiv.org/abs/1605.02688},
  timestamp = {Wed, 01 Jun 2016 15:51:08 +0200},
  biburl    = {http://dblp.uni-trier.de/rec/bib/journals/corr/Al-RfouAAa16},
  bibsource = {dblp computer science bibliography, http://dblp.org}
}

@article{jia2014caffe,
  Author = {Jia, Yangqing and Shelhamer, Evan and Donahue, Jeff and Karayev, Sergey and Long, Jonathan and Girshick, Ross and Guadarrama, Sergio and Darrell, Trevor},
  Journal = {arXiv preprint arXiv:1408.5093},
  Title = {Caffe: Convolutional Architecture for Fast Feature Embedding},
  Year = {2014}
}

@misc{tensorflow2015-whitepaper,
title={{TensorFlow}: Large-Scale Machine Learning on Heterogeneous Systems},
url={http://tensorflow.org/},
note={Software available from tensorflow.org},
author={
    Mart\'{\i}n~Abadi and
    Ashish~Agarwal and
    Paul~Barham and
    Eugene~Brevdo and
    Zhifeng~Chen and
    Craig~Citro and
    Greg~S.~Corrado and
    Andy~Davis and
    Jeffrey~Dean and
    Matthieu~Devin and
    Sanjay~Ghemawat and
    Ian~Goodfellow and
    Andrew~Harp and
    Geoffrey~Irving and
    Michael~Isard and
    Yangqing Jia and
    Rafal~Jozefowicz and
    Lukasz~Kaiser and
    Manjunath~Kudlur and
    Josh~Levenberg and
    Dan~Man\'{e} and
    Rajat~Monga and
    Sherry~Moore and
    Derek~Murray and
    Chris~Olah and
    Mike~Schuster and
    Jonathon~Shlens and
    Benoit~Steiner and
    Ilya~Sutskever and
    Kunal~Talwar and
    Paul~Tucker and
    Vincent~Vanhoucke and
    Vijay~Vasudevan and
    Fernanda~Vi\'{e}gas and
    Oriol~Vinyals and
    Pete~Warden and
    Martin~Wattenberg and
    Martin~Wicke and
    Yuan~Yu and
    Xiaoqiang~Zheng},
  year={2015},
}

@electronic{cuda-convnet,
  title         = "cuda-convnet",
  url           = "https://code.google.com/p/cuda-convnet/"
}

@article{DBLP:journals/corr/VasilacheJMCPL14,
  author    = {Nicolas Vasilache and
               Jeff Johnson and
               Micha{\"{e}}l Mathieu and
               Soumith Chintala and
               Serkan Piantino and
               Yann LeCun},
  title     = {Fast Convolutional Nets With fbfft: {A} {GPU} Performance Evaluation},
  journal   = {CoRR},
  volume    = {abs/1412.7580},
  year      = {2014},
  url       = {http://arxiv.org/abs/1412.7580},
  timestamp = {Thu, 01 Jan 2015 19:51:08 +0100},
  biburl    = {http://dblp.uni-trier.de/rec/bib/journals/corr/VasilacheJMCPL14},
  bibsource = {dblp computer science bibliography, http://dblp.org}
}

@ARTICLE{6165309, 
author={S. Ji and W. Xu and M. Yang and K. Yu}, 
journal={IEEE Transactions on Pattern Analysis and Machine Intelligence}, 
title={3D Convolutional Neural Networks for Human Action Recognition}, 
year={2013}, 
volume={35}, 
number={1}, 
pages={221-231}, 
keywords={feature extraction;gesture recognition;image classification;image motion analysis;image representation;neural nets;spatiotemporal phenomena;video surveillance;3D CNN model;3D convolutional neural networks;airport surveillance videos;automated human action recognition;baseline methods;complex handcrafted features;deep model;feature representation;high-level features;motion information encoding;spatial dimensions;temporal dimensions;Computational modeling;Computer architecture;Feature extraction;Kernel;Solid modeling;Three dimensional displays;Videos;3D convolution;Deep learning;action recognition;convolutional neural networks;model combination;Algorithms;Decision Support Techniques;Image Interpretation, Computer-Assisted;Imaging, Three-Dimensional;Movement;Neural Networks (Computer);Pattern Recognition, Automated;Subtraction Technique}, 
doi={10.1109/TPAMI.2012.59}, 
ISSN={0162-8828}, 
month={Jan},}

@ARTICLE{6857341, 
author={O. Abdel-Hamid and A. r. Mohamed and H. Jiang and L. Deng and G. Penn and D. Yu}, 
journal={IEEE/ACM Transactions on Audio, Speech, and Language Processing}, 
title={Convolutional Neural Networks for Speech Recognition}, 
year={2014}, 
volume={22}, 
number={10}, 
pages={1533-1545}, 
keywords={Gaussian processes;hidden Markov models;mixture models;neural nets;speech recognition;Gaussian mixture model;complex correlations;convolutional neural networks;hidden Markov model;hybrid deep neural network;limited-weight-sharing scheme;local connectivity;speech recognition;weight sharing;Convolution;Hidden Markov models;Neural networks;Speech;Speech recognition;Training;Vectors;Convolution;Limited Weight Sharing (LWS) scheme;convolutional neural networks;pooling}, 
doi={10.1109/TASLP.2014.2339736}, 
ISSN={2329-9290}, 
month={Oct},}


@article{cite-key,
  Author = {Silver, David and Huang, Aja and Maddison, Chris J. and Guez, Arthur and Sifre, Laurent and van den Driessche, George and Schrittwieser, Julian and Antonoglou, Ioannis and Panneershelvam, Veda and Lanctot, Marc and Dieleman, Sander and Grewe, Dominik and Nham, John and Kalchbrenner, Nal and Sutskever, Ilya and Lillicrap, Timothy and Leach, Madeleine and Kavukcuoglu, Koray and Graepel, Thore and Hassabis, Demis},
  Date = {2016/01/28/print},
  Date-Added = {2016-10-06 20:53:16 +0000},
  Date-Modified = {2016-10-06 20:53:16 +0000},
  Day = {28},
  Isbn = {0028-0836},
  Journal = {Nature},
  L3 = {10.1038/nature16961; http://www.nature.com/nature/journal/v529/n7587/abs/nature16961.html#supplementary-information},
  M3 = {Article},
  Month = {01},
  Number = {7587},
  Pages = {484--489},
  Publisher = {Nature Publishing Group, a division of Macmillan Publishers Limited. All Rights Reserved.},
  Title = {Mastering the game of Go with deep neural networks and tree search},
  Ty = {JOUR},
  Url = {http://dx.doi.org/10.1038/nature16961},
  Volume = {529},
  Year = {2016},
  Bdsk-Url-1 = {http://dx.doi.org/10.1038/nature16961}}

@article{DBLP:journals/corr/KalchbrennerGB14,
  author    = {Nal Kalchbrenner and
               Edward Grefenstette and
               Phil Blunsom},
  title     = {A Convolutional Neural Network for Modelling Sentences},
  journal   = {CoRR},
  volume    = {abs/1404.2188},
  year      = {2014},
  url       = {http://arxiv.org/abs/1404.2188},
  timestamp = {Thu, 01 May 2014 14:56:20 +0200},
  biburl    = {http://dblp.uni-trier.de/rec/bib/journals/corr/KalchbrennerGB14},
  bibsource = {dblp computer science bibliography, http://dblp.org}
}

@ARTICLE{726791, 
author={Y. Lecun and L. Bottou and Y. Bengio and P. Haffner}, 
journal={Proceedings of the IEEE}, 
title={Gradient-based learning applied to document recognition}, 
year={1998}, 
volume={86}, 
number={11}, 
pages={2278-2324}, 
keywords={backpropagation;convolution;multilayer perceptrons;optical character recognition;2D shape variability;GTN;back-propagation;cheque reading;complex decision surface synthesis;convolutional neural network character recognizers;document recognition;document recognition systems;field extraction;gradient based learning technique;gradient-based learning;graph transformer networks;handwritten character recognition;handwritten digit recognition task;high-dimensional patterns;language modeling;multilayer neural networks;multimodule systems;performance measure minimization;segmentation recognition;Character recognition;Feature extraction;Hidden Markov models;Machine learning;Multi-layer neural network;Neural networks;Optical character recognition software;Optical computing;Pattern recognition;Principal component analysis}, 
doi={10.1109/5.726791}, 
ISSN={0018-9219}, 
month={Nov},}
